@article{lee1988functional,
  title={Functional bosonisation of the Tomonaga-Luttinger model},
  author={Lee, DKK and Chen, Y},
  journal={Journal of Physics A: Mathematical and General},
  volume={21},
  number={22},
  pages={4155},
  year={1988},
  publisher={IOP Publishing}
}

@article{von1992quantum,
	title={A quantum Monte Carlo approach to many-body physics},
	author={von der Linden, Wolfgang},
	journal={Physics Reports},
	volume={220},
	number={2-3},
	pages={53--162},
	year={1992},
	publisher={Elsevier}
}

@article{weng1991path,
	title={Path-integral approach to the Hubbard model},
	author={Weng, ZY and Ting, CS and Lee, TK},
	journal={Physical Review B},
	volume={43},
	number={4},
	pages={3790},
	year={1991},
	publisher={APS}
}

@article{schulz1990effective,
	title={Effective action for strongly correlated fermions from functional integrals},
	author={Schulz, HJ},
	journal={Physical review letters},
	volume={65},
	number={19},
	pages={2462},
	year={1990},
	publisher={APS}
}